@article{Spalding1972,
      author = {Spalding, D. B.},
      doi = {10.1002/nme.1620040409},
      issn = {0029-5981},
      journal = {International Journal for Numerical Methods in Engineering},
      number = {4},
      pages = {551--559},
      title = {{A novel finite difference formulation for differential expressions involving both first and second derivatives}},
      url = {http://doi.wiley.com/10.1002/nme.1620040409},
      volume = {4},
      year = {1972}
}

@article{WalrandParekh2017,
      author = {J. Walrand, S.Parekh},
      title = {Communication Networks: {A} Concise Introduction, Second Edition, Synthesis Lectures on Communication Networks},
      volume = {2},
      year = {2017}
}

@article{Li2021,
      author = {J. Li},
      title = {A BRIEF OVERVIEW OF GRAPH THEORY: ERDOS-RENYI
RANDOM GRAPH MODEL AND SMALL WORLD
PHENOMENON},
      year = {2021}
}




[1] J. Walrand and S. Parekh, citeKey, Communication Networks: {A} Concise Introduction, Second Edition, Synthesis Lectures on Communication Networks, Morgan {\&} Claypool Publishers, 2017.
[2] A. Fujimura, S. Y. Oh and M. Gerla, "Network coding vs. erasure coding: Reliable multicast in ad hoc networks," MILCOM 2008 - 2008 IEEE Military Communications Conference, San Diego, CA, USA, 2008, pp. 1-7, doi: 10.1109/MILCOM.2008.4753100. https://ieeexplore.ieee.org/document/4753100
[3] N. Alon, J. Edmonds, M.Luby, Linear Time Erasure Codes with Nearly Optimal Recovery (Extended Abstract)
